
@techreport{sachs1995natural,
	title={Natural resource abundance and economic growth},
	author={Sachs, Jeffrey D and Warner, Andrew M},
	year={1995},
	institution={National Bureau of Economic Research}
}

@article{havranek2016natural,
	title={Natural Resources and Economic Growth: A Meta-Analysis},
	author={Havranek, Tomas and Horvath, Roman and Zeynalov, Ayaz},
	journal={World Development},
	volume={88},
	pages={134--151},
	year={2016},
	publisher={Elsevier}
}

@article{mehlum2006institutions,
	title={Institutions and the resource curse},
	author={Mehlum, Halvor and Moene, Karl and Torvik, Ragnar},
	journal={The economic journal},
	volume={116},
	number={508},
	pages={1--20},
	year={2006},
	publisher={Wiley Online Library}
}

@article{atkinson2003savings,
	title={Savings, growth and the resource curse hypothesis},
	author={Atkinson, Giles and Hamilton, Kirk},
	journal={World Development},
	volume={31},
	number={11},
	pages={1793--1807},
	year={2003},
	publisher={Elsevier}
}

@article{gylfason2006natural,
	title={Natural resources and economic growth: The role of investment},
	author={Gylfason, Thorvaldur and Zoega, Gylfi},
	journal={The World Economy},
	volume={29},
	number={8},
	pages={1091--1115},
	year={2006},
	publisher={Wiley Online Library}
}
