@book{Stud:cor-fin,
	title={Корпоративные финансы: учебник для академического бакалавриата},
	author={Никитушина, Ирина В},
	credits={И. В. Никитушина, С. Г. Макарова, С. С. Студников},
	edition={2-е изд., перераб. и доп.},
	publisher={М.: Издательство Юрайт},
	year={2016},
	pagetotal={521}
}


@book{Fab:fin_instr,
	 title={Финансовые инструменты},
	 author={Фабоцци, Ф. Д.},
	 publisher={М.: Эксмо},
	 year={2010},
	 pagetotal={864}
}

@book{Mishkin,
	title={The economics of money, banking and financial markets. European edition},
	author={Mishkin, F. S.},
	credits={Frederick S. Mishkin,
	Kent Matthews, Massimo Giuliodori},
	publisher={Pearson Education Limited},
	year={2013},
	pagetotal={625},
	langid={english}
}

@Online{RBK-500,
	title={Рейтинг РБК-500 [Электронный ресурс]},
	url={http://www.rbc.ru/rbc500},
	date={2016-12-11},
	urldate={2016-12-11}
}

@Online{Cbonds,
	title={Облигации российских компаний, имеющих рейтинг эс-энд-пи [Электронный ресурс]},
	organization={Cbonds},
	url={http://ru.cbonds.info/emissions},
	date={2016-12-11},
	urldate={2016-12-11}
}

@Online{Inv,
	title={Investopedia [Электронный ресурс]},
	url={http://www.investopedia.com},
	urldate={2016-10-13},
	langid={english}
}

