@article{levine2005finance,
	title={Finance and growth: theory and evidence},
	author={Levine, Ross},
	journal={Handbook of economic growth},
	volume={1},
	pages={865--934},
	year={2005},
	publisher={Elsevier}

@article{fidrmuc2015does,
  title={Does Bank Liquidity Creation Contribute to Economic Growth},
  author={Fidrmuc, Jarko and Fungacova, Z and Weill, Laurent},
  journal={Evir dence From Russia},
  year={2015},
  publisher={BOFIT Discussion Papers}
}

@article{cecchetti2015does,
  title={Why does financial sector growth crowd out real economic growth?},
  author={Cecchetti, Stephen G and Kharroubi, Enisse},
  year={2015}
}

@article{berger2009bank,
  title={Bank liquidity creation},
  author={Berger, Allen N and Bouwman, Christa HS},
  journal={Review of Financial Studies},
  volume={22},
  number={9},
  pages={3779--3837},
  year={2009},
  publisher={Soc Financial Studies}
}

@article{king1993finance,
  title={Finance and growth: Schumpeter might be right},
  author={King, Robert G and Levine, Ross},
  journal={The quarterly journal of economics},
  volume={108},
  number={3},
  pages={717--737},
  year={1993},
  publisher={Oxford University Press}
}


